<?xml version="1.0" encoding="UTF-8"?>
<record xmlns="http://www.loc.gov/MARC21/slim" xmlns:xsi="http://www.w3.org/2001/XMLSchema-instance" xsi:schemaLocation="http://www.loc.gov/MARC21/slim http://www.loc.gov/standards/marcxml/schema/MARC21slim.xsd">
<leader>     cam a2200265 a 4500</leader>
<controlfield tag="001">001897909</controlfield>
<controlfield tag="003">NNU</controlfield>
<controlfield tag="005">20061010172159.0</controlfield>
<controlfield tag="008">901022s1932    ua       b    000 0 ara d</controlfield>
<datafield tag="035" ind1="9" ind2=" ">
<subfield code="a">NYUb10839797</subfield>
</datafield>
<datafield tag="035" ind1=" " ind2=" ">
<subfield code="a">(CStRLIN)NYUG90-B44358</subfield>
</datafield>
<datafield tag="040" ind1=" " ind2=" ">
<subfield code="a">NNU</subfield>
<subfield code="c">NNU</subfield>
</datafield>
<datafield tag="066" ind1=" " ind2=" ">
<subfield code="c">(3</subfield>
</datafield>
<datafield tag="090" ind1=" " ind2=" ">
<subfield code="a">PJ7700.N33</subfield>
<subfield code="b">A17 1932</subfield>
</datafield>
<datafield tag="100" ind1="0" ind2=" ">
<subfield code="6">880-01</subfield>
<subfield code="a">Nābighat Banī Shaybān,</subfield>
<subfield code="d">d. ca. 738.</subfield>
</datafield>
<datafield tag="240" ind1="1" ind2="0">
<subfield code="a">Poems</subfield>
</datafield>
<datafield tag="245" ind1="1" ind2="0">
<subfield code="6">880-02</subfield>
<subfield code="a">Dīwān Nābighat Banī Shaybān.</subfield>
</datafield>
<datafield tag="250" ind1=" " ind2=" ">
<subfield code="6">880-03</subfield>
<subfield code="a">al-Ṭabʻah 1.</subfield>
</datafield>
<datafield tag="260" ind1=" " ind2=" ">
<subfield code="6">880-04</subfield>
<subfield code="a">al-Qāhirah :</subfield>
<subfield code="b">Dār al-Kutub al-Miṣrīyah,</subfield>
<subfield code="c">1932.</subfield>
</datafield>
<datafield tag="300" ind1=" " ind2=" ">
<subfield code="a">10, 133 p. ;</subfield>
<subfield code="c">28 cm.</subfield>
</datafield>
<datafield tag="504" ind1=" " ind2=" ">
<subfield code="a">Includes bibliographical references.</subfield>
</datafield>
<datafield tag="880" ind1="0" ind2=" ">
<subfield code="6">100-01/</subfield>
<subfield code="a">نابغة بني شيبان.</subfield>
</datafield>
<datafield tag="880" ind1="1" ind2="0">
<subfield code="6">245-02/</subfield>
<subfield code="a">ديوان نابغة بني شيبان.</subfield>
</datafield>
<datafield tag="880" ind1=" " ind2=" ">
<subfield code="6">250-03/</subfield>
<subfield code="a">الطبعة ١.</subfield>
</datafield>
<datafield tag="880" ind1=" " ind2=" ">
<subfield code="6">260-04/</subfield>
<subfield code="a">القاهرة :</subfield>
<subfield code="b">دار الكتب المصرية،</subfield>
<subfield code="c">١٩٣٢.</subfield>
</datafield>
<datafield tag="OWN" ind1=" " ind2=" ">
<subfield code="a">GENERAL</subfield>
</datafield>
<datafield tag="998" ind1=" " ind2=" ">
<subfield code="a">20010829</subfield>
<subfield code="d">19901022</subfield>
<subfield code="d">20020511</subfield>
<subfield code="n">NNU</subfield>
<subfield code="s">1</subfield>
<subfield code="t">c</subfield>
<subfield code="z">p</subfield>
</datafield>
<datafield tag="AVA" ind1=" " ind2=" ">
<subfield code="a">NYU50</subfield>
<subfield code="b">BOBST</subfield>
<subfield code="c">Main Collection</subfield>
<subfield code="d">PJ7700.N33 A17 1932</subfield>
<subfield code="e">unavailable</subfield>
<subfield code="t">Unavailable</subfield>
<subfield code="f">1</subfield>
<subfield code="g">1</subfield>
<subfield code="h">N</subfield>
<subfield code="i">2</subfield>
<subfield code="j">MAIN</subfield>
</datafield>
</record>
